3634 5442
391 582 411 617 ³
471 574 474 581 ’
548 504 739 653 [situ
788 568 1198 653 istc-Itur&
1263 604 1289 643 .··
1409 594 1496 670 acu-

558 790 562 807 ·
703 788 706 793 ·
805 770 837 825 l1·
868 767 953 841 435·

346 845 513 925 elatee,
539 844 699 942 Cogitat.
736 870 738 875 ·
778 896 781 903 ·

350 948 437 1017 'oeci
468 947 498 1019 ‘le
528 942 696 1033 πάμπαν,
722 963 846 1036 neque
863 944 1029 1021 omniuo.
1122 972 1127 981 ·

349 1040 558 1132 fontineti*
575 1032 771 1119 defelldere
794 1063 879 1111 ιε’-ε·
1123 1047 1128 1054 ’

654 1178 659 1187 ’
818 1158 850 1213 v·
878 1156 965 1239 437·-

350 1184 532 1329 maaian,
556 1231 751 1333 relinquen
1107 1286 1110 1293 ,

807 1351 839 1407 V·
867 1338 954 1443 4387-
997 1374 999 1379 ·

356 1428 414 1501 Σο)
431 1475 442 1506 a
461 1441 599 1513 Reum·
1143 1457 1156 1478 ¹‘

407 1596 410 1604 .
611 1600 618 1607 ,
711 1540 731 1605 .·
791 1543 843 1600 Ν.
881 1543 965 1615 440.
1116 1594 1121 1602 ,
1492 1574 1498 1615 ;

356 1619 499 1710 etiarn,
525 1616 597 1690 dnn
622 1614 781 1691 trtib'-
804 1617 989 1703 Puerum,
1016 1615 1181 1694 nondum
1202 1618 1419 1716 perieum-
1497 1616 1500 1625 '

352 1718 482 1819 tttcc.
505 1714 588 1812 unc
606 1725 701 1792 ream.
731 1725 814 1791 rom.
837 1725 891 1791 rrr.
928 1737 963 1812 p.
981 1725 1061 1792 262.
1083 1718 1128 1810 fif.
1150 1725 1183 1806 §-
1212 1725 1244 1792 ν.
1281 1727 1328 1791 m
1350 1720 1476 1791 Aetnen

313 1817 488 1892 tilleium
512 1815 728 1911 preficiseeneis
763 1833 859 1892 arare.
924 1813 1019 1888 Cum
1044 1815 1080 1887 in
1108 1813 1216 1908 Sigeo
1250 1817 1293 1887 ad
1328 1815 1476 1889 ricinia

313 1913 498 1991 tumulum
527 1907 706 1986 adstitillet
735 1906 788 1986 Μ.
818 1907 1046 1994 Alexander,
1075 1911 1305 2004 ofortunate,
1333 1914 1474 2005 inquit,

313 2010 511 2101 adolescens,
553 2016 609 2102 q'ut'
639 2026 699 2079 tuae
729 2014 861 2079 uirtutis
905 2015 1078 2082 Homerum
1103 2027 1271 2101 preconem
1296 2017 1469 2079 invertens:

313 2107 402 2193 (cic.
422 2113 457 2181 in
475 2113 529 2180 or.
546 2115 609 2199 pro
629 2101 747 2209 Arci.)
797 2102 865 2178 Sed
887 2103 1102 2199 quomodo,
1129 2104 1224 2178 dicet
1239 2103 1364 2195 uliquis
1381 2127 1389 2177 :
1404 2119 1470 2179 tot·

313 2225 404 2300 petre
427 2199 650 2277 incredibilia
675 2201 814 2275 virtutis
839 2199 1007 2277 miracula
1027 2203 1063 2275 in
1085 2198 1248 2293 Trojano
1268 2199 1364 2273 belin
1387 2222 1465 2293 pste-

313 2300 435 2375 [literit
455 2294 693 2374 adolescens?
717 2295 862 2378 Mirum.
887 2298 1033 2394 quidem
1055 2350 1065 2380 .
1101 2294 1157 2370 led
1186 2310 1304 2370 tamen
1332 2319 1500 2375 verutus

313 2394 400 2473 Non
428 2396 528 2470 enim
546 2358 746 2492 culpatlius
766 2391 937 2469 Romanae
962 2394 1176 2488 eloquentia
1205 2408 1335 2484 pater,
1370 2417 1436 2486 qen
1451 2393 1471 2467 22

313 2495 431 2568 minus
448 2493 595 2589 proprie
616 2487 793 2568 Achillem
815 2491 851 2563 in
868 2488 1061 2565 Alexandri
1080 2489 1175 2564 diuo
1193 2492 1372 2565 vocaverit
1385 2500 1470 2561 adst-u

313 2588 514 2665 lelcentem.
561 2584 660 2669 ‚Nam
680 2609 763 2664 com
788 2584 970 2672 Phoenix,
1005 2589 1079 2680 ejus
1100 2588 1292 2671 nutritius,
1322 2609 1489 2660 conarer

313 2698 368 2763 tur
392 2682 655 2765 inexorabilem
673 2681 834 2759 emollire
852 2706 893 2760 ac
924 2682 1095 2769 flectere,
1123 2698 1162 2758 ut
1184 2681 1229 2758 ad
1258 2681 1392 2756 bellum
1419 2707 1474 2759 ree

313 2786 536 2869 uerteretur,
561 2796 764 2881 memorat,
794 2782 984 2879 quomodo
1005 2779 1068 2854 sebi
1094 2779 1240 2854 traditus
1275 2777 1359 2855 ellet
1381 2803 1470 2855 con·

313 2875 389 2955 lilio
409 2899 455 2953 ac
478 2876 699 2953 sermonibus
719 2877 935 2972 regendusa
961 2874 1064 2953 Patre
1082 2873 1215 2959 Peleo,
1238 2876 1338 2968 quod
1355 2876 1475 2957 adbuc

313 2972 442 3051 vineoe.
467 2972 504 3053 id
528 2975 606 3060 en,
628 2975 864 3065 adolescentulus
890 2976 1090 3049 mitteretur
1114 2995 1161 3048 ex
1174 2969 1300 3048 Phthia
1322 2973 1365 3047 ad
1378 2977 1473 3071 riga-
1500 3018 1505 3027 ·

313 3093 551 3148 memnonem
577 3069 738 3147 adversus
756 3068 934 3164 Troianos
955 3070 1195 3145 dimicaturus
1249 3067 1390 3145 Scilicet
1408 3071 1472 3146 de-

313 3171 451 3246 cimum
474 3165 613 3245 sextum
639 3169 747 3243 aetatir
765 3189 899 3243 anuum
919 3166 1083 3244 nondum
1104 3169 1274 3263 attigerat.
1329 3163 1372 3242 Et
1390 3167 1473 3251 iane

313 3267 410 3342 inter
430 3265 587 3361 virgines
606 3262 692 3340 filias
706 3260 922 3362 Lycomedis
953 3262 1062 3360 Regis
1082 3262 1184 3361 Scyri
1206 3285 1225 3337 a
1252 3278 1392 3350 matre,
1423 3287 1473 3340 ne
1501 3314 1503 3319 -

313 3360 358 3439 ud
374 3360 583 3454 *Troianum
604 3359 739 3437 bellum
760 3363 811 3434 ire
838 3377 1057 3458 cogeretur,
1085 3383 1132 3436 ex
1151 3381 1226 3456 quo
1248 3357 1376 3435 sciebat
1393 3382 1474 3444 uon
1503 3412 1507 3432 r

313 3455 386 3534 elle
409 3457 654 3545 reversurum,
682 3455 887 3546 iubhabitu
912 3457 1077 3532 muliebri
1105 3456 1329 3531 absconditus
1356 3509 1367 3540 ,
1391 3478 1470 3533 non
1504 3482 1508 3489 ·

313 3578 361 3631 ex
373 3556 444 3630 oric
458 3554 597 3650 specie,
623 3567 686 3631 aut
706 3576 814 3637 voce,
844 3559 1018 3650 (utraque
1039 3556 1135 3628 enim
1151 3552 1347 3644 juvenculis
1368 3553 1472 3648 puel-

312 3650 358 3729 lis
376 3649 498 3727 firnilis
524 3652 647 3738 erat.)
669 3649 726 3726 sed
746 3649 819 3725 astu
838 3647 1053 3727 versutillrmi
1082 3645 1208 3747 Ulyllrs
1228 3648 1384 3723 detritus
1407 3650 1473 3727 eil.¹
1501 3692 1506 3717 t

313 3752 445 3837 &roias
469 3755 541 3838 ΧΗ.
569 3743 649 3824 Rex
668 3745 831 3832 Succiae,
867 3743 1041 3823 fitecum
1072 3746 1225 3841 antiquis
1251 3744 1370 3820 dicere
1396 3768 1472 3822 mae
1504 3802 1510 3821 .

313 3842 423 3922 limus
446 3843 620 3929 Gotbiae,
647 3845 690 3918 ad
714 3841 847 3917 bellum
871 3843 943 3939 iple
969 3846 1109 3938 pariter·
1125 3841 1219 3939 quali
1238 3841 1394 3917 Achilles
1418 3844 1470 3917 al·
1499 3902 1503 3911 .

314 3954 402 4025 ter,
426 3938 624 4019 admodum
640 3938 841 4014 adolescens
868 3937 1070 4034 torniellus,
1095 3953 1167 4013 tam
1186 3937 1389 4022 strenuum,
1410 3940 1467 4012 in-

315 4035 478 4123 nitlum,
502 4035 710 4131 conditque
727 4034 920 4125 terribilem
947 4034 979 4112 se
1005 4033 1182 4134 prebuit,
1208 4046 1280 4113 tam
1302 4033 1468 4128 preclare

316 4134 359 4209 a'c
377 4132 608 4209 memoranda
630 4133 728 4209 dedit
754 4132 972 4209 fortitudinis
1002 4149 1077 4208 tum
1094 4131 1201 4206 animi
1228 4142 1306 4204 tum
1332 4148 1467 4226 corpo-

315 4231 364 4304 ris
388 4229 582 4324 exempla,
611 4245 651 4306 ut
674 4283 686 4316 ,
713 4227 777 4303 nili
796 4225 871 4302 ‚sub
893 4228 1158 4397 huljussseculi·
1174 4226 1315 4302 initium
1328 4250 1466 4304 rrerum

317 4326 429 4402 abeo
457 4326 633 4420 gestarum
668 4326 769 4400 telles
796 4346 862 4398 nos
893 4328 1032 4420 iprmet
1054 4317 1260 4408 foillemus,
1298 4345 1340 4400 ac
1369 4347 1464 4420 pene
1504 4348 1512 4385 r

316 4419 552 4525 turbatores·
581 4423 643 4501 nx
658 4420 787 4505 adduci
811 4417 1023 4520 uouemus,
1049 4434 1090 4503 ue
1110 4418 1471 4504 muneremunere·

409 4522 566 4615 decoll
965 4516 1027 4643 „Q'
1385 4534 1467 4596 utut
