3634 5442
530 632 1108 757 ··¹rrr1.·1r1no1·s
1341 562 1450 734 ¹aaa

343 909 522 997 'enimdeo
545 959 556 991 ,
580 884 759 1001 lecturio,
787 825 1098 996 ulanffiffundo
1132 911 1314 989 &emitto
1338 911 1452 990 abun·

313 1012 426 1089 lantes
452 1034 570 1109 aquas.
595 1019 692 1096 irem,
721 1032 874 1094 evomo,
902 1031 972 1103 ‘per
996 1013 1174 1084 vomitum
1208 1008 1370 1086 effundo.
1404 1031 1453 1095 ex
1512 1060 1514 1065 ·

313 1109 427 1187 lad&
452 1109 575 1190 βλύζω,
599 1108 705 1180 idem:
739 1108 855 1180 elidum
878 1106 966 1183 efter
996 1130 1162 1181 murmure
1185 1104 1230 1195 Εὸ
1243 1107 1322 1200 fimo
1344 1108 1453 1200 scatu-

313 1214 452 1281 ·ientium
470 1229 634 1300 aquarum,
1398 1230 1402 1248 ··

351 1300 496 1387 Nomia,
519 1328 573 1377 rs,
596 1303 635 1388 η’,
660 1296 814 1375 infantia.
849 1296 1015 1377 avinius
1040 1296 1165 1377 infant.

356 1476 358 1481 .
634 1469 636 1473 .
706 1419 786 1469 =v.·
806 1406 889 1488 486·
914 1410 996 1489 487·

353 1491 596 1577 Notandum,
625 1496 760 1581 ueteris
777 1495 889 1568 moris
908 1490 1035 1577 inille,
1056 1504 1097 1570 ut
1120 1493 1286 1570 nutritius
1312 1491 1456 1572 easdem
1545 1550 1548 1561 ·

313 1591 484 1689 penderet
514 1612 639 1686 operas
659 1596 803 1685 puerd·,
832 1612 919 1689 quas
938 1594 1061 1668 nutrix
1085 1645 1095 1676 ,
1128 1606 1237 1689 atque
1255 1589 1346 1666 adeo
1366 1594 1458 1666 inter

313 1689 370 1761 alia
403 1687 514 1761 ferret
545 1689 581 1759 in
600 1688 782 1782 genibus,
809 1688 1003 1784 cibumque
1038 1688 1207 1783 praeberet
1240 1688 1276 1762 dr
1317 1704 1458 1782 potum.

313 1784 532 1878 Dum-igitur
553 1779 688 1877 Ulylles
706 1780 951 1859 &Diomedes
966 1782 1076 1859 multa
1091 1781 1259 1858 incallum
1279 1781 1456 1868 dixiffent,

313 1903 377 1954 nec
401 1882 623 1977 pervicacem
641 1888 747 1976 alque
765 1880 1023 1955 inexorabilem
1045 1880 1191 1955 Achillis
1213 1881 1373 1954 animum
1397 1877 1461 1953 fie-
1494 1896 1507 1915 ¹·

313 1974 463 2063 xillent,
487 1998 571 2051 eum
590 1979 705 2070 coepit
724 1972 788 2049 alia
807 1978 945 2050 ratione
961 1977 1108 2073 aggredi
1123 1975 1301 2060 Phoenix,
1324 1973 1461 2053 saforte

313 2088 549 2170 expugnaret.
600 2069 641 2145 ln
667 2074 877 2150 memoriam
902 2073 1032 2147 scilicet
1057 2072 1266 2168 redigebat,
1296 2070 1462 2168 quaesibi

313 2169 450 2244 servitia
469 2165 592 2263 puello
613 2166 844 2265 ptaeilitislet,
868 2170 905 2243 &
928 2185 1102 2267 quantum
1124 2170 1191 2257 iarn
1217 2182 1305 2243 tunc
1328 2165 1360 2242 se
1383 2167 1463 2242 dilia

313 2280 417 2362 geret
442 2264 627 2353 Achilles,
653 2265 745 2339 odeo
767 2279 806 2338 ut
836 2289 954 2362 neque
981 2268 1102 2340 cibum
1125 2288 1240 2362 neque
1266 2279 1394 2362 potum
1419 2264 1464 2339 ab
1504 2336 1506 2340 .

313 2364 386 2439 alio
406 2363 593 2456 praebitum
618 2361 722 2434 vellet
749 2359 914 2446 sumere,
942 2385 1047 2456 quam
1070 2365 1116 2437 ab
1143 2384 1188 2436 eo
1211 2364 1247 2435 in
1270 2364 1345 2453 ejus
1364 2361 1470 2456 geni·

313 2461 382 2537 bus
402 2456 550 2537 sedens..
589 2452 659 2531 Hic
677 2475 795 2531 autem
812 2455 901 2532 visus
927 2461 976 2532 eil
993 2459 1169 2556 plerisque
1186 2455 1367 2533 Homerus
1391 2472 1463 2531 rant

313 2553 524 2631 indecoram
549 2550 790 2627 &sordidam
808 2555 1104 2631 circumstantiam
1125 2555 1295 2646 adjicere,
1316 2550 1467 2628 utnulla

313 2648 424 2757 poffit
448 2652 587 2736 ratione
610 2648 753 2726 defendi
778 2665 839 2725 aut
858 2650 1022 2734 excusari.
1044 2712 1047 2720 ,
1073 2651 1132 2734 Ait
1153 2653 1249 2725 enirn
1266 2648 1462 2726 Phoenixt:

389 2742 529 2833 numius
556 2772 609 2833 μοι
637 2746 815 2819 καΊέδιυσας
838 2747 888 2815 inl
921 2744 1051 2824 elaten
1078 2745 1208 2838 χιΊὸνι,
1269 2791 1274 2799 ·>

389 2840 484 2910 '‘Orre
509 2839 685 2925 ἀποβλύζων
710 2847 736 2909 ἰν
765 2841 861 2937 νηπιέῃ
885 2846 1039 2938 ἀλεγεινῇ·
1456 2872 1462 2915 t

313 2938 437 3034 Quod
454 2936 498 3016 ad
517 2940 666 3013 verbum
692 2935 808 3013 Latini
831 2942 1040 3035 interpretes
1058 2940 1105 3014 ita
1131 2952 1318 3017 vertuntt·
1462 2984 1465 2993 ·

396 3043 477 3131 Sepe
502 3034 579 3108 milri
606 3040 709 3130 rigasti
732 3044 766 3108 in
781 3038 956 3130 potioribus
974 3042 1098 3122 vestem,
1403 3046 1410 3060 ‘

400 3142 446 3209 Er
469 3138 545 3204 uino
567 3158 708 3207 evomens
721 3140 754 3204 in
772 3135 907 3215 infantia
921 3134 941 3217 ,’
956 3161 1021 3227 que
1037 3159 1113 3206 cura
1136 3132 1263 3228 indiget.

321 3226 413 3307 Non
430 3227 600 3325 equidem
620 3229 845 3324 negaverim,
868 3229 1016 3304 letiores
1039 3253 1059 3303 e
1077 3227 1189 3398 vulpo
1209 3227 1311 3304 facile
1328 3229 1474 3323 terenu-

314 3346 385 3403 eoa
408 3324 593 3403 Phoeoicis
616 3323 844 3409 sermonem,
866 3324 928 3400 etsr
945 3326 1062 3401 multo
1077 3329 1140 3400 arri
1168 3328 1226 3400 cio
1242 3327 1475 3412 elaboratum,

315 3424 363 3502 aa
389 3422 588 3499 validorum
605 3435 900 3518 argumentorum
924 3424 1085 3507 robore,
1119 3419 1377 3516 flexanimaque
1398 3423 1476 3501 eloe

327 3522 475 3615 quentia
502 3516 739 3602 iolltutium,
766 3516 921 3614 Varique
946 3518 1248 3604 stomachaturos,
1274 3521 1375 3617 quod
1398 3534 1477 3596 tau-

325 3630 401 3690 tam
415 3614 534 3691 labem
552 3610 773 3706 exprellerit,
798 3618 897 3715 epica
918 3616 1094 3707 majestate
1111 3614 1253 3710 prorsus
1275 3616 1473 3712 indignam.

325 3710 398 3788 Sed
418 3708 567 3809 [sa-,quis
590 3708 743 3799 Homeri
767 3727 925 3789 mentem
960 3727 1142 3807 penetrare
1168 3711 1306 3797 valeat,
1334 3716 1480 3809 vimque

325 3806 463 3886 Graecae
486 3809 584 3881 uocis
612 3808 724 3881 abeo
748 3806 918 3905 usurpatae
945 3808 1062 3883 multo
1090 3805 1297 3882 nitidillrmae
1325 3808 1477 3906 alloqui,

328 3928 408 3980 non
423 3906 472 3981 ita
490 3902 614 3977 sentiet
639 3903 684 3977 de
704 3902 844 3987 {ummo
866 3903 1052 3981 Poetarum
1070 3905 1249 3999 principe,
1275 3905 1337 4001 qui
1353 3902 1480 4002 aquilae

329 4002 438 4076 instar
455 3999 555 4095 supra
573 3999 660 4072 alios
677 3998 875 4076 collidimus
900 4001 1016 4085 volut,
1043 4002 1201 4098 quique,
1227 4008 1364 4076 Horatio
1381 4003 1480 4089 teste,

328 4098 384 4174 nil
408 4118 565 4193 unquam
592 4094 740 4171 molitur
759 4102 888 4188 inepte.
943 4097 1035 4173 Nam
1064 4100 1220 4191 primum
1247 4097 1292 4172 de
1313 4098 1483 4176 industria

328 4189 481 4269 voluille
496 4190 832 4281 videturllomerus
857 4210 1016 4270 naturam
1033 4195 1231 4287 exprimere
1252 4192 1401 4292 {implici
1417 4195 1483 4271 illo

324 4289 524 4371 candore,
548 4310 622 4383 quo
649 4293 804 4363 maxime
824 4289 973 4367 Veteres.
992 4290 1282 4374 oblectabantur,
1317 4292 1485 4370 nondum

323 4387 421 4463 luxu
450 4381 599 4481 pellrmn
627 4389 908 4483 ,gornniurnque
940 4388 1144 4467 deliciarum
1165 4386 1341 4475 mollitie,
1374 4389 1486 4467 frenis

324 4483 499 4627 proripus
517 4481 554 4557 dr
573 4488 760 4578 carituram,
814 4480 989 4599 Tabulam
1010 4481 1126 4583 quaeso
1145 4481 1329 4564 vobiscum
1342 4482 1486 4598 fingite,

383 4638 387 4643 ·
874 4598 957 4675 lei
1452 4603 1492 4658 ¹1¹
