3634 5442
1302 544 1310 565 x
1363 546 1365 551 .

566 577 668 659 ‚rn
715 570 760 658 rr.
800 538 1116 695 'retroie-
1363 600 1476 683 ³27,

301 756 388 834 iunc
409 779 496 833 tero
524 756 697 832 nortales
723 757 911 851 potiones,
937 755 1100 854 quamvis
1123 755 1342 853 beatioribus
1363 758 1449 847 un·
1527 762 1531 775 '

301 873 389 939 ttae,
420 869 569 952 propter
597 853 857 930 insuetudinem
882 873 959 929 nou
986 856 1133 940 miuus,
1167 877 1275 1026 Quam
1298 856 1436 935 Home.

301 955 393 1028 icum
426 973 654 1047 cyceonem,
690 949 898 1043 aversamur.
968 957 1121 1024 Praeterea
1152 972 1176 1027 ο
1205 951 1437 1047 servandum,

301 1047 548 1125 inum‘dulce
587 1045 690 1121 vaide
726 1043 868 1122 arrisrffe
909 1043 1054 1122 Grecis.
1107 1045 1215 1125 Unde
1250 1048 1433 1131 Homerus

303 1144 399 1222 affim
427 1146 591 1218 nominat
616 1137 885 1234 perodiendum,
910 1147 1059 1217 mellitum
1079 1150 1202 1219 uinum.
1252 1145 1346 1240 Qu'ae
1371 1175 1434 1228 au.

301 1266 348 1317 tm
375 1240 419 1316 ad
437 1240 743 1316 commiscendum
774 1261 972 1336 cyceonem
992 1242 1275 1330 concurrebant,
1301 1244 1435 1336 caseus,
1510 1276 1516 1285 ·

300 1342 408 1422 trina,
437 1338 536 1423 mel,
575 1338 692 1413 dulcia
719 1339 864 1428 omnin3
890 1357 1003 1435 caepas
1034 1336 1155 1435 ipsas,
1188 1361 1268 1438 quae
1288 1341 1341 1429 illi
1362 1369 1433 1442 po·

300 1439 329 1510 ti
356 1435 502 1531 adjungi
523 1431 708 1516 solebant,
738 1456 813 1508 non
831 1435 948 1514 acris,
974 1432 1033 1509 sed
1062 1432 1176 1511 dulcis
1206 1435 1336 1532 saporis
1362 1440 1433 1519 effe

300 1556 312 1606 r
342 1530 512 1617 Graecia,
550 1533 778 1629 maximeque
815 1530 852 1604 in
889 1527 1021 1606 insulis·
1048 1527 1153 1627 AEgei
1184 1536 1317 1620 maris,
1360 1561 1430 1616 nec

303 1629 419 1713 dore,
447 1650 523 1727 quo
548 1627 705 1712 nostrae,
750 1630 893 1722 ingrato
920 1623 1039 1712 affici,
1077 1626 1281 1709 luculentus
1302 1639 1337 1704 in
1365 1637 1432 1724 fatis

300 1727 444 1799 tinnitus
488 1732 618 1821 Sponius
659 1724 708 1799 est
746 1723 843 1821 apud
886 1725 1078 1799 calmetium.
1125 1730 1253 1817 (Num
1289 1755 1316 1806 c.
1353 1741 1433 1827 Π.)

300 1821 368 1897 ion
395 1825 503 1919 igitur
526 1820 752 1896 fastidiendus
782 1817 965 1901 Homerus
993 1818 1067 1905 est,
1097 1834 1159 1899 aut
1186 1829 1434 1920 reprobandus
1490 1825 1498 1845 ‘

303 1942 346 1994 ro
377 1935 489 1995 terea

300 1941 374 2091 ‚bug
402 2014 468 2089 illis
485 1941 791 2119 p’rodtatnefl'ent,
817 2012 954 2110 usuque
975 2028 1126 2111 recepta.
1181 2014 1434 2110 Quemadmo.

300 2133 367 2187 um
392 2116 487 2187 enim
510 2135 625 2210 genus
646 2109 793 2204 aliquod
820 2112 921 2195 cibi,
946 2107 1016 2184 five
1042 2111 1233 2206 potionis,
1260 2114 1335 2207 aliis
1364 2142 1432 2215 ρο.

300 2208 375 2284 ulis
395 2223 603 2304 acceptum,
633 2209 736 2283 nobis
757 2207 805 2281 est
830 2206 994 2298 insuave3
1019 2203 1104 2283 stce
1128 2215 1434 2306 contrario-quod

304 2308 386 2381 obis
409 2305 574 2389 aiiubet,
610 2305 646 2378 &
673 2301 929 2398 voluptuosum
956 2304 1038 2389 est,
1073 2302 1226 2381 aliorum
1254 2309 1432 2403 palatum,

304 2401 344 2476 su
360 2425 435 2477 non
456 2400 666 2485 accedente,
691 2399 778 2495 saepe
800 2399 939 2476 fastidit.
991 2398 1121 2500 Neque
1151 2412 1269 2478 tamen
1289 2429 1434 2503 aequum
1483 2490 1486 2497 ,

300 2497 351 2574 ise
374 2499 597 2582 dixerimus,
632 2494 657 2571 st
689 2503 767 2594 quis
797 2510 986 2592 proptereat
1025 2520 1093 2573 noc
1120 2515 1247 2594 arguat
1279 2504 1315 2577 u
1343 2529 1435 2584 con.

350 2594 526 2681 demnet,
554 2592 654 2688 quod
683 2594 724 2668 iis
747 2606 927 2676 utamur,
983 2615 1036 2669 uae
1063 2592 1183 2688 palato
1210 2595 1275 2676 suo
1306 2594 1368 2695 ju.=
1526 2609 1530 2620 ’

481 2691 600 2770 eunde
620 2712 697 2769 uon
713 2687 856 2786 sapiant.
875 2614 1002 2766 RICQ.
1026 2688 1107 2788 Diffi
1126 2698 1224 2770 Hom.

722 2794 807 2863 Tom.
823 2794 848 2862 l.
861 2807 894 2883 p.
912 2796 991 2872 182.

568 1941 620 1992 uae
640 1941 658 1993 a
687 1919 846 1992 moribus
865 1916 991 1992 nostris
1011 1915 1175 1995 diffident
1197 1972 1208 2004 ,
1237 1921 1324 1996 dum
1343 1948 1434 2022 geu.

455 3090 1134 3315 .''r1u1s-
1324 3229 1474 3282 „

439 3348 1276 3525 Tomtsrcunur
1517 3493 1519 3500 1

462 3811 1064 4215 eine
