3634 5442
325 589 372 668 88
549 560 813 663 ettvl's
859 578 1271 670 nottestlcm

830 782 863 839 v.
908 772 987 851 169.

332 951 483 1029 libellus.

337 1145 533 1237 complice.

386 1242 617 1336 ovuaohipor,
637 1270 676 1327 a,
702 1248 744 1321 t,
767 1246 814 1321 ι’,
845 1245 1006 1321 animum
1042 1240 1281 1328 labesallant,
1320 1236 1478 1331 verdeis·

338 1358 603 1433 corrumpens3
631 1340 826 1426 exitiosus,
853 1340 1012 1417 exitialis.
1042 1364 1088 1415 ex
1108 1340 1241 1427 euple,
1267 1338 1305 1412 te
1326 1334 1456 1429 osirim.
1529 1342 1535 1367 ³

360 1438 524 1519 .llntia,
550 1434 620 1510 live
644 1436 876 1523 Sthenobee,
902 1454 943 1513 ut
969 1436 1027 1511 alii
1054 1452 1214 1522 vocant,
1243 1432 1370 1511 Proeti
1397 1430 1485 1530 Argi.
1530 1440 1537 1469 '¹

340 1550 473 1605 vorum
502 1534 593 1627 regis
613 1555 707 1608 uxor
727 1534 903 1629 hospitem
924 1532 1242 1628 Bellerophontem
1264 1584 1276 1615 ,
1314 1542 1358 1603 ut
1380 1525 1484 1605 secum

342 1632 632 1715 concumberet,
663 1634 830 1705 invitavit
882 1628 978 1707 Cum
997 1646 1117 1705 autem
1140 1629 1300 1725 prudens
1328 1626 1366 1699 Bt
1387 1626 1496 1709 callus

343 1728 400 1798 vir
421 1722 617 1810 abnuisset,
642 1724 754 1801 scelus
779 1726 907 1802 scelere
930 1726 1116 1802 cumulans
1135 1724 1323 1823 impudica
1345 1716 1480 1797 sonim.

346 1819 445 1917 quasi
462 1822 625 1895 adulterii
645 1846 745 1897 teum
768 1824 811 1897 ad
843 1826 1011 1899 maritum
1033 1820 1174 1907 desert,
1198 1842 1277 1895 non
1308 1816 1408 1914 quod
1430 1818 1484 1894 hti

347 1918 511 2012 stuprum
544 1943 663 1993 revera
693 1916 898 2005 intulisset,
942 1920 1000 1994 sed
1037 1919 1136 2017 quod
1168 1916 1302 2005 inferte¹
1333 1910 1484 1991 tentasset

349 2010 471 2088 Verita
496 2017 591 2089 enim
618 2016 695 2100 est,
732 2033 771 2091 ut
788 2014 1029 2112 Bellerophon
1062 2019 1136 2108 ejus
1171 2014 1338 2091 criminis
1359 2012 1492 2085 nomine

349 2108 450 2183 illam
489 2134 587 2206 prtor
615 2113 712 2206 apud
735 2110 905 2188 Proetum
928 2110 1151 2187 insimularet.
1204 2110 1264 2189 Sic
1298 2110 1338 2182 Bc
1366 2105 1490 2185 tuedo

351 2201 482 2280 Thesei
509 2231 603 2282 uxor
631 2208 872 2306 Hippolytum
897 2212 1104 2306 privignum
1129 2208 1230 2283 suum
1257 2202 1350 2283 salso
1372 2204 1488 2279 accusa·

1502 488 1510 577 l

382 852 498 935 nivel,
519 881 614 932 eaor,
639 859 683 931 ι’,
710 856 853 945 tabula,
875 855 941 935 hl.
969 856 1096 936 tabella
1119 853 1327 951 scriptoria.
1350 848 1463 945 codex.

385 1046 528 1123 nivosae,
552 1046 584 1135 l,
604 1046 658 1131 h,
682 1048 857 1147 plicatos,
883 1050 1131 1148 complicatus.
1165 1040 1358 1132 ausim·
1379 1044 1474 1143 plico,

353 2306 431 2387 vit,
457 2302 655 2380 &Creteis
687 2306 756 2380 live
786 2304 987 2402 Hippolyte
1013 2327 1106 2380 uxor
1132 2305 1245 2397 Acasti
1271 2300 1410 2379 Pelium
1429 2301 1490 2385 ,e
1523 2328 1526 2336 ·

353 2420 452 2489 uxot
474 2397 674 2498 Potipharis
703 2400 899 2499 josephum
930 2406 966 2481 in
994 2398 1167 2499 AEgypto.
1218 2399 1269 2475 Ut
1293 2394 1492 2493 enimpesh·

354 2520 414 2573 ma
447 2495 526 2572 sunt
560 2499 750 2575 mulierum
776 2502 941 2593 ingenia;
980 2521 1179 2583 amorem,
1216 2493 1511 2592 firepellantur,.

356 2610 502 2669 vertunt
526 2595 561 2668 in
587 2600 719 2670 rabiem
739 2651 750 2679 ,
780 2619 848 2670 nec
869 2596 952 2669 odia
976 2612 1194 2678 exaturant,
1222 2592 1286 2668 nih
1318 2614 1420 2676 eum,
1443 2595 1492 2687 qui

356 2690 557 2785 sereiezit,
581 2696 759 2769 teterrime
783 2692 864 2768 ultae
882 2692 1022 2768 luerint
1075 2692 1222 2769 Proetus
1243 2706 1367 2767 autem
1391 2690 1494 2765 uxoris

358 2787 457 2864 ditio
478 2785 587 2863 fidem
607 2788 772 2875 habens,
808 2812 891 2863 cum
919 2788 1033 2863 nollet
1057 2787 1127 2882 ipse
1156 2787 1250 2882 apud
1278 2784 1314 2861 se
1337 2781 1490 2881 hospitem

359 2884 593 2971 interficere,
623 2886 713 2960 milit
737 2888 780 2961 ad
800 2886 961 2962 socerum
980 2888 1079 2962 suum
1105 2882 1273 2981 Jobntam
1301 2904 1421 2977 regent
1437 2878 1493 2980 Ly·

361 2985 426 3058 cite
447 3004 532 3057 cum
559 2984 682 3079 scripta
699 2983 849 3067 tabula,
874 2986 910 3056 in
938 3006 1007 3081 qua
1041 2984 1332 3057 commemorato
1364 2974 1498 3055 Bellero-

362 3081 511 3177 phontis
544 3078 670 3154 scelete
692 3083 860 3178 petebat,
894 3095 934 3154 ut
965 3102 1040 3175 quo
1061 3078 1167 3153 vellet
1194 3077 1311 3152 modo
1343 3076 1423 3151 neci
1445 3088 1502 3149 tra·

363 3176 473 3253 deret.
526 3174 588 3250 llle
613 3199 699 3253 reto
720 3174 933 3261 Chimaerae,
961 3175 1193 3271 Solymorom
1219 3175 1255 3247 Be
1288 3175 1499 3255 Amazonam

365 3271 532 3366 periculis
560 3274 721 3363 objecit,
756 3294 794 3349 ut
823 3278 983 3371 periret,
1026 3273 1089 3370 qui
1115 3288 1235 3345 tamen
1262 3292 1311 3345 ex
1350 3268 1502 3344 omnihus

365 3369 476 3445 neor
491 3366 603 3443 evasit.
662 3369 730 3445 Uhi
747 3376 856 3461 igitur
875 3366 1141 3452 haecHomerus
1158 3382 1298 3452 narrat,
1324 3368 1396 3449 ait,
1416 3360 1503 3439 Proe-

366 3482 445 3541 tum
473 3462 655 3561 prebuisse
682 3460 788 3547 tristia
817 3464 914 3575 ligna
930 3464 1225 3569 Bellerophonti,
1254 3466 1290 3539 δι
1316 3462 1431 3555 multe
1448 3462 1504 3543 tas·

368 3563 462 3639 tlalia
483 3563 519 3633 in
544 3562 661 3636 tabula
682 3563 809 3658 plicata
833 3559 1007 3655 scripsisse.

419 3655 523 3731 Putat
547 3658 739 3745 errsarhr’m,
764 3662 823 3733 has
843 3659 961 3737 Proeti
984 3655 1117 3731 tabulas
1137 3655 1265 3753 signis,
1293 3677 1377 3753 quae
1397 3664 1505 3749 vocant

371 3753 509 3850 hierogf
541 3755 672 3847 phica,
701 3755 801 3833 luisse
823 3754 1027 3850 inscriptas,
1054 3778 1098 3828 ex
1112 3750 1404 3849 quibus'Jobatas
1419 3750 1507 3825 diste·

372 3865 428 3927 τοι
448 3852 483 3925 &
504 3776 800 3947 'Bellerophontis
820 3850 954 3934 scelus,
980 3853 1016 3924 u
1041 3850 1254 3936 vindiciam,
1281 3872 1352 3945 qua
1374 3864 1445 3922 erat
1458 3870 1509 3942 pu·

373 3947 537 4023 silendus
589 3946 659 4023 Sed
676 3950 780 4037 huius
802 3948 1002 4045 interpretis
1034 3944 1212 4022 sententie
1243 3968 1318 4022 non
1348 3944 1518 4018 subscribit·

374 4052 520 4119 Ducerio.
574 4042 668 4119 Nam
688 4045 1013 4140 Bellerophontem
1033 4042 1199 4125 Cadmo,
1237 4046 1299 4140 qui
1325 4043 1456 4117 litteras
1480 4043 1520 4114 sn.

376 4140 552 4227 Graeciam
573 4141 682 4228 tulit,
721 4141 820 4220 luisse
844 4142 1101 4237 posteriorem,
1127 4156 1224 4214 extra
1249 4136 1507 4215 controversum

378 4235 535 4336 pofitum
554 4237 612 4317 cll
666 4240 745 4317 Nec
764 4240 900 4329 obllst,
929 4237 1029 4327 quod
1052 4235 1230 4311 Homerus
1246 4237 1379 4310 dixerit
1398 4231 1505 4320 clpalo

378 4348 505 4411 littetae
529 4336 625 4407 enim
647 4331 725 4412 sunt
745 4352 841 4411 notre
864 4357 905 4408 ac
932 4332 1027 4428 ligna
1057 4354 1210 4415 eorum,
1238 4354 1319 4427 quae
1344 4354 1444 4405 mens
1464 4351 1507 4425 co

380 4436 479 4547 gitti.
525 4431 645 4571 'de
666 4434 760 4517 adeo
781 4455 905 4523 tetum
927 4430 1001 4521 eli.
1028 4444 1068 4511 ut
1092 4429 1222 4511 litteras
1248 4430 1509 4597 vocaverigotm-n'
